2658 4548
1030 179 1153 299 tt„

19 409 95 462 se
94 379 314 498 babent,
310 403 432 478 quo
431 377 556 462 Lori,
606 374 889 476 Anthylltilirque
922 378 1077 458 involu÷

19 537 92 582 cra
120 508 345 604 communia·
359 503 406 576 ad
426 501 603 574 bracteas,
658 543 708 558 -·
743 505 798 572 ln
827 488 942 589 ll'lzee,
969 504 1076 586 Pta-
1085 501 1087 506 ’
1152 552 1155 554 -

19 631 218 704 senior
184 645 218 699 et
258 625 409 700 Smitluci
455 641 609 724 utraque
649 622 878 700 bractearum
922 632 1075 726 speeies,

21 753 208 826 solitaria·
228 749 274 822 ad
299 749 405 822 basin
433 746 620 848 pedicelli‚
647 749 791 844 gemina
818 757 989 847 opposita
1007 753 1076 824 sub
1124 827 1127 833 ,

24 877 166 970 calyce
193 871 368 944 babetur..
383 910 437 928 ο·-
464 874 634 951 Bracteae
661 867 730 940 hae
757 873 922 966 geminae
946 891 1077 972 parte-
1115 885 1117 890 ·
1190 922 1221 962 a,

25 1023 108 1096 que
145 994 313 1068 inferiori
357 1009 532 1065 cannatae
572 991 705 1087 calyeis
748 991 854 1065 basin
874 993 1078 1110 cingentes
1150 987 1151 992 ἵ

27 1147 109 1220 pro
143 1073 267 1216 calyce
294 1123 472 1190 exteriore
497 1121 641 1216 saepius
679 1115 826 1188 habitae
861 1137 954 1199 sunt.
1005 1127 1079 1196 Nos

29 1257 189 1334 autern,
216 1238 514 1340 praecedentem
532 1235 782 1326 compluribus
804 1239 902 1326 331Ῐῐιο
922 1239 1079 1336 tessun,

33 1394 99 1440 eas
129 1393 208 1438 non
236 1391 306 1466 pro
333 1363 456 1458 calyce
483 1363 660 1433 exteriore
681 1353 968 1466 babendas'esse
986 1393 1080 1442 cen..

41 1515 182 1564 semust
213 1489 253 1584 t)
289 1491 541 1587 quaesaepius
562 1487 600 1554 in
627 1483 792 1598 ejusdetp
812 1465 962 1588 generis
988 1515 1080 1590 spe-

44 1613 195 1686 cicalia
232 1611 369 1706 desint,
404 1618 443 1684 in
476 1608 544 1706 alia
571 1607 711 1701 adsint,
753 1626 789 1682 et
822 1613 944 1736 itaque
978 1612 1079 1687 floris

40 1763 131 1835 pars
157 1735 358 1808 essentialis
386 1734 537 1832 (calyx)
563 1759 643 1807 esse
659 1751 884 1868 nequeant..
914 1736 967 1832 2)
996 1740 1081 1834 quia

41 1845 217 1931 bracteae
244 1857 316 1930 hae
337 1856 547 1957 (geminae)
574 1857 654 1931 basi
672 1842 869 1949 coartatae,
896 1860 1081 1958 quodam-

44 1983 165 2056 modo
190 1983 354 2084 quidem,
381 1981 483 2057 floris
511 1971 642 2076 instar,
670 1981 878 2073 alabia't'ae,
876 2001 929 2055 at
946 1985 1081 2060 latera-

43 2113 123 2200 leS,
150 2134 268 2206 neque
295 2133 335 2180 ea
363 2111 402 2221 in
415 2107 644 2232 directione,
672 2134 743 2214 qua
770 2111 897 2179 omnes
923 2107 1084 2222 reliquae
1172 2119 1173 2122 ’
1205 2092 1209 2102 ’

47 2231 153 2304 floris
188 2259 257 2332 par
264 2246 338 2322 tes,
391 2235 532 2330 positae
565 2247 660 2306 sunt
712 2226 838 2329 (Nurn
872 2215 1086 2331 excipienda

48 2364 185 2430 Brou
196 2379 314 2444 nea,
327 2359 383 2428 eui
411 2355 543 2452 calycis
572 2358 780 2460 exterioris,
807 2381 917 2458 quern
942 2377 1085 2442 vocant,

46 2479 155 2552 labia
173 2467 392 2596 inaequalia
395 2496 430 2551 et
448 2478 533 2552 ideo
547 2480 642 2552 forte
662 2505 743 2552 curn
756 2479 978 2579 reliquarum
993 2507 1086 2579 par-

49 2609 144 2675 tium
163 2583 370 2682 directione
396 2603 708 2732 convenientiai)
767 2603 836 2674 Alii
869 2609 991 2700 itaque
1016 2600 1085 2702 legi

57 2751 167 2820 quarn
188 2731 313 2822 partes
340 2723 442 2798 lloris
470 2698 644 2823 propriae
670 2721 878 2846 subjectae,
911 2741 945 2796 et
971 2723 1016 2797 ab
1042 2709 1109 2797 en'

59 2847 110 2916 ita
139 2845 300 2920 exclusae
327 2863 433 2920 sunt.
481 2851 620 2923 Tamen
653 2873 810 2946 prunam
839 2847 944 2952 floris
980 2873 1098 2952 geru-7-

54 2965 195 3040 mnlarn
226 2974 460 3042 aestivatione
497 2973 647 3041 omnino
678 2948 871 3043 involvunt
904 2975 958 3070 (v.
987 2997 1018 3069 g.
1051 2977 1089 3044 in

58 3093 158 3164 Ultce
165 3144 180 3178 ,
203 3091 384 3197 Phaseolo
394 3105 417 3178 )χ
428 3138 430 3143 ·
442 3094 558 3172 Outeci
566 3147 581 3180 ,
610 3100 650 3164 V
645 3080 770 3194 ocupa*
783 3096 884 3192 etc.).
920 3103 1087 3200 Bracths

47 3217 161 3296 ,binas
187 3214 268 3286 basi
292 3211 478 3285 interdum
499 3218 694 3304 connasci,
716 3207 930 3322 'assertioni'
943 3236 1089 3294 nostrae

19 2923 22 2978 l

19 3429 21 3446 ἱ
54 3366 132 3412 333
157 3339 291 3418 obstat.
349 3338 390 3414 Id
411 3344 524 3433 enim
550 3367 616 3440 per
637 3366 764 3413 omnes
792 3341 929 3439 gradus
954 3337 1090 3440 obser-

56 3481 181 3557 vatur,
206 3489 321 3562 quum
346 3465 386 3534 in
413 3463 490 3536 aliis
519 3460 668 3539 omnino
696 3465 906 3560 distinctae,
940 3449 979 3538 in
1011 3467 1091 3540 aliis
1135 3469 1137 3479 ’

58 3586 372 3676 subconnatae,
362 3586 519 3658 maliis
535 3588 692 3685 denique
717 3593 992 3664 semiconnatae
1011 3591 1093 3662 sint.
1176 3643 1179 3650 .

56 3713 231 3782 Bracteae
258 3725 377 3780 autem
405 3711 590 3808 ealyoinae
623 3738 643 3784 a
669 3712 793 3808 calyce
826 3729 940 3816 acute
957 3709 1094 3782 distin-

20 3831 219 3930 guantur
242 3856 395 3908 necesse
422 3853 496 3932 CSl,
525 3854 560 3909 el
593 3839 738 3938 illallll'ssl
762 3838 956 3910 momellllt
984 3858 1029 3904 ne
1055 3836 1093 3902 ln
1191 3903 1195 3912 ,
