2616 4552
987 269 1090 344 tt

10 473 135 552 'eujus
170 487 205 528 ex
238 464 442 526 incrassatione
475 443 707 546 endoepermlum
740 484 835 527 ertum
872 491 933 531 esse
963 472 1089 536 videtur.

28 581 124 656 Qun
140 577 232 659 magis
255 575 374 654 embryo
400 587 536 654 angetur,
566 593 604 631 eo
627 576 717 656 magis
748 575 982 659 endospermium
1010 605 1089 665 qno·

32 707 124 768 que,
153 695 232 750 arcte
253 701 318 748 eum
340 677 533 756 circumdans,
558 679 744 761 ingravescit,
774 685 936 758 membrana
965 693 1111 758 exterior*

35 795 239 865 incrassatur,
260 788 382 848 interior
402 799 571 847 attenuatur.
619 787 754 875 Corpore
780 791 951 880 glandulosa
973 797 1089 860 tandem

36 900 74 958 in
100 895 247 956 chalanem
273 906 438 971 contract09
469 891 676 974 endospermii‘
693 897 844 978 vestigium
865 902 976 962 nullum
996 927 1089 986 porro

35 1004 210 1072 invenitur,
251 1001 284 1068 ΙιιΙ
305 1001 508 1082 Astragalo
531 1003 651 1084 emhryn
667 1005 752 1089 simili
771 1007 876 1085 modu,
899 1009 952 1071 sed
965 1012 1091 1094 glebulis

37 1111 199 1172 viridibus
219 1109 357 1190 subjectis
378 1110 475 1176 affixus
494 1108 760 1194 eudospernriuque
789 1113 935 1176 involutus
962 1133 1090 1201 apparet,

41 1217 140 1302 quod
161 1240 252 1310 quum
272 1216 334 1275 illo·
346 1217 469 1276 celerius
492 1217 679 1300 extendatur,
707 1241 840 1302 magnum
860 1243 928 1286 mox
948 1215 1023 1283 inter
1046 1239 1094 1284 ut·

43 1346 198 1410 rumque,
225 1323 348 1416 spatium
367 1322 531 1384 intercedit.
571 1315 750 1392 Membrana
780 1325 914 1395 tubulesa
942 1331 1094 1400 inmediri
1187 1339 1189 1344 ’

44 1435 240 1497 cavitate-
197 1431 394 1492 -clralazao
416 1436 510 1510 ortus,
531 1461 574 1478 ·-
591 1442 622 1498 et
651 1435 779 1515 reliqua,
801 1449 833 1500 ut
849 1436 878 1493 in
891 1437 1093 1518 praecedente.

139 1565 173 1624 In
194 1536 409 1643 Pisu'oorpus
429 1563 629 1645 glandulosum
647 1581 679 1644 et
701 1567 864 1634 membrana
884 1567 1017 1638 tubulosa
1033 1593 1094 1638 ιιοιι

47 1671 254 1736 inveniuntur.
307 1667 368 1728 Ubi
397 1670 509 1730 fructus
540 1671 578 1731 ad
606 1672 752 1734 dimidiam
772 1696 851 1734 suam
872 1676 1095 1758 magnitudinem
1148 1753 1155 1762 η

51 1781 206 1874 pervenit,
236 1765 429 1845 membranula
452 1780 611 1870 eylirrdrica¹
632 1781 779 1876 pellucida
811 1803 845 1848 er
867 1777 943 1850 freto
965 1785 1096 1867 assurgit,

62 1889 146 1970 apice
166 1888 317 1948 vesiculam
336 1885 449 1964 ferens,
481 1889 529 1947 oui
559 1887 678 1968 embryo
700 1889 870 1970 globulosus
889 1891 1011 1968 insidet,
1046 1914 1097 1951 en-.

63 1995 230 2077 desperatio
255 2018 314 2056 nou
333 1996 466 2073 vestitus,
495 1995 585 2079 qued
604 2010 693 2055 tenue
720 1999 776 2076 jam
804 1997 875 2063 ab
866 1996 948 2056 mitio
972 1998 1098 2059 navitatis

59 2105 188 2200 parietes
209 2101 344 2164 obducat.
367 2101 485 2177 Paulo
510 2118 578 2185 post
599 2118 730 2184 tempore
760 2082 955 2166 membranula
983 2121 1099 2171 contra

59 2213 157 2290 bitur,
180 2225 208 2271 et
232 2209 382 2292 embrye'
367 2233 429 2294 ]ιιιι
449 2227 549 2271 auctus
565 2211 695 2270 denuo
687 2233 716 2268 ιιι
734 2209 839 2278 fretum
856 2211 1014 2280 deseendit.
1036 2213 1099 2284 Εο

59 2323 130 2382 dem
159 2319 249 2386 modo¹
281 2341 328 2379 res
349 2319 379 2377 in
400 2317 547 2382 Vicieis
568 2315 705 2400 reliquis:
737 2319 835 2377 scil'
828 2333 857 2378 tn
885 2319 999 2398 Faba,
1034 2319 1100 2380 La·

59 2431 177 2510 thyro
201 2426 370 2503 odorato,
385 2424 595 2518 tingita'rro2
615 2393 892 2520 heteroplrpllo
908 2427 1031 2524 aliisque
1051 2435 1102 2500 ree
1164 2429 1165 2436 ’

64 2553 148 2620 perta
173 2551 223 2606 estt
621 2541 624 2548 ’

150 2665 276 2730 Recedit
292 2692 313 2742 ,a
334 2670 579 2752 praecedentibus
600 2669 793 2751 Lupiuus«
837 2664 956 2749 Corpus
976 2665 1102 2748 glande·

70 2776 165 2836 losum
183 2791 215 2836 nt
236 2778 265 2836 in
286 2778 474 2846 Phaseelo
496 2779 581 2844 situm
604 2791 656 2838 est.
698 2773 900 2840 Vesicularum
922 2788 1016 2840 autem
1039 2787 1102 2840 rete

72 2880 223 2963 quoddam
255 2897 354 2946 omres
379 2887 506 2952 navitatis
533 2886 659 2968 parietes
686 2880 823 2948 obducit.¹
887 2862 983 2944 ¹Ovulo
1012 2882 1102 2962 magis

69 2993 174 3067 aucto,
193 2994 308 3078 totique
328 2987 458 3075 parietali
476 2994 593 3054 demum
607 2987 742 3068 evanida,
762 2987 950 3056 vesicularum¹
967 2987 1104 3054 viridium
1163 2995 1166 3000 '

66 3098 216 3161 funiculus
238 3101 357 3184 quidam
378 3122 433 3182 per
454 3101 579 3168 eavitatis
601 3117 696 3175 axem,
723 3099 843 3182 utrique
856 3103 917 3182 ejus
936 3095 1105 3172 extremitati

65 3209 183 3288 affixus,
206 3209 316 3295 migrat.
365 3209 457 3274 Paulo
484 3222 551 3293 post
576 3199 723 3266 funiculus
744 3205 790 3264 hic
806 3187 905 3272 ¹alteri
931 3206 982 3264 sud
1011 3218 1106 3266 extre·

67 3318 167 3382 mitate
186 3318 298 3379 solutus
317 3317 410 3399 inque
431 3317 554 3392 fretum,
584 3311 717 3378 vesiculis
740 3313 927 3394 corupressis,
954 3310 1105 3389 retractus,

69 3426 260 3508 embryouem
281 3425 331 3484 fini
350 3423 472 3489 libero
465 3421 629 3504 impositum
650 3425 733 3499 gerit.
758 3421 887 3501 Embrye
910 3431 939 3476 et
960 3416 1106 3486 funiculus

68 3534 276 3644 eudospermio
296 3534 376 3608 tenui
398 3532 490 3596 vestiti
511 3543 592 3604 sunt,
632 3530 715 3606 cujus
735 3524 811 3611 apici
832 3523 1029 3592 membranula
1058 3523 1107 3594 illa

69 3642 175 3710 tenella
188 3611 282 3727 (jam
303 3641 332 3700 in
353 3636 544 3698 Phaseolo
566 3621 745 3716 memorata)
772 3634 915 3712 inhaeret,
942 3633 1037 3694 donec
1058 3631 1108 3690 ille

69 3765 160 3817 totam
181 3747 297 3812 taudem
327 3746 406 3807 evuli
428 3744 592 3828 cavitatem,
616 3741 821 3834 eudospcrmio
845 3741 960 3812 omnino
977 3737 1107 3815 evanida,

71 3880 87 3926 ι
128 3856 192 3916 leat.

90 3877 127 3946 ‘P
166 3963 242 4030 Mira
264 3983 305 4030 est
325 3963 410 4026 hoo
402 3985 431 4030 ιιι
453 3959 556 4030 ordine
577 3957 788 4020 membranulae
809 3955 895 4034 hujus
917 3967 1108 4032 strueturpet
