2616 4552
226 248 345 332 rt,

224 451 324 512 bosam
336 447 479 508 aemulans
492 443 632 536 assurgit,
642 444 725 526 quod
734 447 864 527 primurn
875 445 1135 529 membranaceum,
1158 469 1263 534 poster

224 578 392 633 carnosum,
424 553 471 615 vel
496 553 687 634 gelatinosum
714 575 829 635 semper
858 571 993 638 augetur,
1033 579 1066 618 ac
1098 559 1264 620 substantia

129 708 130 719 ,
191 704 194 710 ,
224 664 377 746 granulcsal
400 664 490 726 serius
511 661 659 742 repletur,
692 684 750 732 non
776 683 889 743 semper
911 679 1003 734 tamen
1022 667 1139 752 omnino
1162 667 1263 748 ,indu-

224 759 321 842 rescit,
361 767 394 840 ln
416 769 610 859 endqspermii
632 770 748 830 cavitate
768 762 1035 857 liquore‘quodam
1056 774 1188 853 repleta,
1214 796 1262 834 se-

223 881 293 946 rius.
305 881 386 938 ocius
403 877 537 966 embryo,
559 878 685 968 primum
699 863 927 960 globulilormis‘,
948 881 1081 941 celeriter
1095 881 1260 940 crescendo

224 1012 296 1068 ιιιοι
313 1011 343 1048 sc
362 988 532 1070 perficiens,
557 1001 686 1069 apparet.
736 983 839 1074 Quod
857 987 926 1046 dum
948 987 993 1064 fit,
1022 987 1256 1069 endospermium

223 1097 271 1164 vel
293 1095 457 1155 induratum
479 1093 601 1170 residet,
631 1075 687 1163 vel
700 1093 901 1175 integumentis
930 1116 1032 1156 succos
1052 1095 1093 1154 ad
1118 1095 1256 1175 embryc-

223 1225 291 1270 nem
311 1200 490 1287 tradentibus
512 1215 540 1259 et
561 1201 599 1259 ita
620 1199 842 1266 membranaceis
871 1201 1070 1280 evadentibus,
1100 1204 1256 1276 arctissime

169 1329 170 1336 ¹
222 1307 395 1368 accumbens
414 1308 604 1374 evanescitff).
690 1319 705 1332 “’
1093 1386 1098 1394 ¹

305 1417 331 1476 E
353 1417 404 1476 Le
411 1417 621 1499 guminosis
650 1413 816 1500 emirryonis
835 1421 962 1479 evolutio
989 1418 1139 1480 observata
1160 1419 1248 1478 estin

221 1523 407 1584 Phaseclo
430 1523 632 1606 vulgari,
624 1549 653 1584 ιιι
674 1527 874 1607 Astragalo
896 1523 1226 1619 alopecuroide,
1220 1549 1248 1583 ιιι

220 1634 310 1698 Piso
341 1633 474 1713 sativo,
500 1633 529 1691 in
558 1631 672 1714 Faba,
701 1637 730 1694 in
752 1633 901 1715 Luplnc
922 1634 1070 1694 hirsuto
1091 1648 1119 1692 et
1140 1655 1170 1691 ιιι
1190 1633 1250 1690 La

220 1739 340 1819 thyris
362 1741 592 1820 compluribus'*
586 1749 623 1814 ).
662 1679 707 1801 'ln
743 1742 835 1801 ovulls
856 1742 982 1800 omniurn
1002 1741 1107 1800 adsunt
1136 1742 1249 1820 integu-

180 1841 182 1848 ’
221 1864 315 1912 monta
333 1847 408 1924 duc,
429 1849 550 1924 interius
572 1851 712 1929 crassius,
736 1849 791 1910 sed
811 1841 1014 1929 endcspermio
1034 1851 1134 1909 scrius
1154 1851 1204 1931 in
1188 1872 1250 1908 σ«ιιι

182 2024 185 2030 ‚
223 1973 356 2058 vescente
377 1958 528 2050 ovuloque
550 1974 697 2024 crescente
718 1959 823 2019 sensim
852 1958 967 2044 tenuius
996 1955 1144 2038 evadens,
1163 1971 1248 2039 atque

220 2066 258 2132 ad
286 2079 435 2126 externum
462 2056 622 2126 interdum
633 2082 709 2130 arcte
736 2064 922 2141 accumbens,
959 2065 996 2122 ita
1026 2077 1059 2122 ut
1084 2064 1112 2122 in
1143 2067 1245 2130 semine

183 2233 186 2238 ,
218 2192 329 2242 rnatnro
353 2169 531 2256 (Lupini,
547 2170 763 2256 Astragali)
780 2171 991 2254 episperminm
1017 2171 1138 2253 simplex
1161 2179 1244 2254 appa

217 2298 287 2356 reat.
331 2257 419 2344 Ovuii
441 2283 543 2342 cavitas
564 2283 632 2341 lmic
653 2266 710 2367 ipsi
731 2279 904 2357 conformis,
934 2279 1056 2354 olvovata
1075 2295 1131 2342 est:
1158 2264 1246 2342 eatre-

218 2395 314 2462 mitate
338 2393 426 2462 altera
448 2391 573 2472 navitatis
603 2390 768 2480 angustiore
800 2389 830 2448 in
856 2385 1052 2478 appendicem
1085 2387 1245 2470 longiorem

200 2494 397 2579 rbreviorem,l
416 2499 523 2568 fretum
544 2499 632 2567 celnss?
655 2497 838 2566 Minorem
860 2493 980 2572 dictam,
1003 2509 1032 2554 ct
1046 2495 1136 2560 hilum
1149 2517 1249 2556 versus

217 2609 357 2670 directam
378 2607 566 2685 decurrente,
589 2607 676 2666 alteri
698 2597 853 2685 ampliore,
882 2624 1008 2688 corpere
1030 2604 1151 2687 quodam
1170 2607 1244 2662 sub-

144 2718 159 2764 ‘·
215 2715 387 2798 glanduloso
409 2712 674 2777 subluscescente
665 2727 740 2770 antra
759 2710 897 2792 parietem
918 2715 1013 2786 aucta,
1037 2711 1127 2793 quod
1133 2730 1244 2789 eorpus

215 2844 279 2882 vasa
292 2807 472 2888 umbilicalia
490 2820 652 2900 recipiens,
673 2819 703 2876 in
725 2817 834 2876 semine
851 2830 961 2875 maturo
988 2817 1131 2876 clralaza
1148 2812 1241 2884 cel¹¹¹⁰

214 2930 413 2991 Grnnrnnn
433 2927 544 3008 dictum
566 2945 616 2988 est.
672 2927 781 2987 Totum
803 2925 931 2984 navitatis
939 2925 1072 3005 spatium
1091 2945 1107 2982 ι
1127 2923 1245 3004 liquore

217 3022 436 3115 endospermico
450 3039 603 3120 impletur.
630 3038 761 3118 Embryc
783 3035 908 3116 primum
920 3031 1137 3114 punctiicrmis,
1158 3032 1245 3092 ovulc

214 3140 355 3206 subaucto
376 3146 481 3203 sensim
502 3142 631 3226 apparet,
663 3131 743 3204 varic
764 3145 793 3201 in
813 3143 899 3202 variis
923 3141 1021 3200 modo.
1063 3141 1244 3200 Radicularis

213 3261 306 3308 tamen
328 3252 489 3312 extremitas
512 3255 574 3331 ejus
595 3272 709 3332 semper
730 3251 759 3309 in
781 3249 887 3308 fretum
911 3248 949 3324 (i.
972 3269 996 3306 e.
1016 3247 1105 3306 hilum
1129 3249 1241 3319 versus)

213 3351 321 3420 directa
343 3369 391 3413 est.
435 3386 476 3404 -
518 3358 550 3416 ln
570 3357 757 3416 Phaseolo
777 3354 837 3414 scil.
860 3352 998 3434 embryo,
1019 3351 1174 3421 radiculari
1192 3375 1241 3414 exn

182 3461 353 3546 ,tremine
374 3461 440 3522 freti
467 3463 529 3525 basi
554 3465 666 3543 affixus,
704 3462 907 3544 endospermio
935 3459 1068 3542 undique
1094 3458 1241 3520 involutus

211 3564 344 3630 nascitur.
396 3567 442 3627 Ah
471 3569 665 3650 cndospermii
690 3572 772 3651 apice
801 3569 944 3630 exteriore
969 3565 1006 3624 ad
1032 3587 1141 3646 corpus
1169 3567 1240 3625 illud

211 3672 411 3758 glandulosum
433 3695 488 3758 per
510 3679 635 3746 cavitatis,
645 3699 727 3738 axem
741 3654 935 3742 memlrranula
948 3674 1044 3739 tenuis
1053 3689 1240 3755 propagatur,

176 3855 180 3860 ⁵
210 3871 243 3952 ‘)
268 3877 414 3946 Tanvva,
435 3877 580 3938 Entwick.
603 3878 633 3938 d.
654 3876 783 3958 Embryo
805 3876 844 3941 im
855 3871 1026 3952 Pflffl‘ssel
1031 3916 1041 3949 ι
1061 3891 1091 3954 P·
1116 3875 1166 3936 ⁶3·
1190 3878 1239 3949 ⁶9·

209 3977 257 4058 f‘)
298 4016 341 4031 -
361 3987 402 4047 ih.
424 4007 455 4068 p.
478 3987 516 4047 58
537 4017 579 4034 ‹-
601 3983 654 4055 lid·
