2616 4552
253 261 317 328 too

254 489 332 544 »κως
362 464 456 525 donee
477 459 591 522 iconem
611 451 873 542 Caesalpirtiae
894 462 1058 548 dig'ynae
1078 467 1214 540 Rottl.’)
1228 475 1262 526 ω’-

252 577 396 646 dorem'us.
453 571 520 648 Qud
547 574 700 651 perspecta
732 571 825 630 omnia
844 569 935 632 dubia
956 574 1040 634 nobis
1069 578 1170 636 subito
1199 582 1257 638 sois

251 697 333 759 sunt,
367 669 458 764 quum
480 679 577 738 edocti
598 679 703 748 simus,
733 679 762 736 in
785 677 1029 767 Caesulpinid
1057 683 1106 740 iltt
1135 685 1267 766 legumina
1298 663 1300 750 Ι

250 789 400 872 geminati,
417 788 485 845 licet
507 785 648 862 distincti,
669 788 755 846 situm
776 788 891 847 omnino
913 806 980 847 eum
1002 803 1081 860 esse,
1106 794 1160 872 qui
1183 796 1209 852 in
1229 795 1271 851 Bi
1299 779 1300 824 Ῑ

251 896 406 971 serrula,
429 909 460 952 ut
482 893 542 951 sc'il.
565 894 707 974 legumina
727 893 787 952 duo
809 895 915 953 suturis
937 895 1081 955 fertilibus
1111 899 1171 956 sibi
1192 923 1277 981 oppo-
1298 843 1300 956 Ι

175 1053 179 1060 .
215 1015 217 1022 “
250 1006 302 1063 sita
325 1004 394 1080 siut,
413 1000 559 1062 'sterilibus
580 1001 668 1059 altero
690 1000 727 1087 ad
749 1001 900 1076 vexillum,
922 1003 1010 1062 altero
1033 1003 1071 1062 ad
1092 1007 1217 1064 carinam
1237 1009 1275 1068 di·

214 1112 227 1172 ’.
249 1113 342 1171 rectis.
387 1110 425 1168 Et
445 1130 561 1195 revera,
583 1109 765 1190 reliquorum
784 1110 1273 1192 leguminumgeminatorumsitum
1299 1161 1300 1170 ,

248 1218 334 1278 nohis
355 1215 532 1298 incognitum
553 1215 589 1274 ab
611 1218 667 1274 hoc‘
689 1217 769 1274 nulio
792 1217 880 1277 'modo
896 1217 1063 1300 discrepare
1075 1241 1180 1302 posse,
1200 1248 1270 1305 argu-

210 1408 213 1412 ·
249 1327 370 1386 mentari
396 1324 605 1384 contendimus.
662 1325 735 1382 Nam
768 1333 804 1394 a)
833 1325 977 1407 legumina
1004 1328 1112 1387 suturis
1134 1331 1272 1391 fertilibus
1298 1345 1300 1468 ι

247 1434 305 1496 sihi
325 1432 474 1514 opposita,
495 1430 548 1491 sed
568 1432 598 1488 in
614 1427 692 1514 'flore
712 1435 909 1494 transversalia
930 1457 991 1495 esso
1003 1457 1176 1518 nequeunt,
1196 1463 1272 1522 quum

248 1548 319 1604 situs
347 1544 394 1601 hic
423 1561 526 1622 neque
553 1561 620 1599 cum
648 1533 808 1600 directione
834 1542 984 1624 leguminis
1012 1541 1155 1624 solitarii,
1192 1567 1268 1628 neque
1299 1539 1300 1610 J

246 1668 313 1712 cum
331 1649 466 1711 universo
487 1647 568 1707 floris
589 1662 660 1728 typo
682 1663 830 1728 congruat.
884 1645 925 1732 a)
947 1650 1107 1731 Legnmina
1121 1653 1207 1732 bina,
1225 1657 1262 1714 siu

247 1773 392 1834 caeterum
418 1757 520 1832 solito,
555 1756 636 1826 valvd
657 1759 714 1814 una
736 1755 793 1815 sibi
821 1758 956 1838 opposita
979 1779 1038 1817 esse
1067 1781 1126 1818 non
1153 1776 1253 1844 ,pauiu

248 1888 339 1952 quum
358 1865 509 1946 leguminis
530 1878 627 1944 partes
651 1865 823 1944 aequipares
844 1887 901 1924 uon
924 1867 984 1952 hoc¹
1001 1866 1089 1926 modo
1108 1871 1173 1932 situ
1186 1873 1257 1932 didere

187 2054 190 2058 .
245 1976 369 2062 possint,
397 1989 430 2032 ut
451 1973 537 2031 altera
559 1972 641 2030 alteri
662 1971 784 2049 fructui,
813 1972 900 2032 altera
922 1973 1132 2036 alaecorollae
1157 1977 1267 2061 apposita

245 2087 290 2146 sit.
338 2081 377 2158 3)
414 2079 572 2160 Legumina
600 2077 663 2137 duo‘
687 2073 793 2138 suturis
815 2081 960 2141 sterilibus
982 2084 1037 2142 sibi
1061 2093 1267 2166 oppositurus

244 2213 304 2253 non
324 2202 461 2270 possunt,
481 2205 546 2261 epm
569 2205 602 2244 ex
623 2187 673 2262 iis,
696 2167 850 2268 quaejam
872 2188 1090 2268 tradiderimus,
1117 2173 1230 2274 pateat,
1248 2195 1269 2250 ia

245 2281 391 2381 legumine
422 2296 548 2356 solitario
577 2309 704 2354 suturam
733 2295 925 2354 seminiferam
953 2276 1067 2386 semper
1096 2305 1270 2387 superiorem

246 2429 322 2481 esse3
355 2423 390 2462 ex
409 2401 650 2481 Caesalpinis
672 2400 811 2483 digyuai
835 2394 870 2459 'et
889 2401 1090 2463 Biserrult
1111 2427 1187 2466 vero
1205 2407 1270 2466 villu·

244 2528 350 2588 cescat,
373 2501 491 2568 eandem
512 2508 584 2565 hanc
605 2509 785 2587 superiorem
806 2523 934 2566 suturam
954 2509 984 2567 in
1001 2509 1100 2570 fructu
1113 2517 1269 2594 composito

237 2621 426 2694 interiorem,
447 2636 468 2673 s.
487 2613 592 2672 axilem
615 2634 684 2671 esse.
711 2612 870 2694 Legumina
891 2629 984 2673 autem
1008 2636 1043 2693 a,
1064 2621 1165 2678 suturis
1186 2621 1278 2676 steri*-

190 2801 192 2804 .
241 2728 319 2788 libus
341 2723 395 2785 sibi
417 2720 550 2802 opposita
571 2732 604 2777 ut
629 2734 725 2800 partos
753 2720 863 2780 fructus
886 2725 1038 2803 compositi
1063 2721 1299 2810 considerando¹

240 2837 354 2909 forent,
375 2829 426 2888 cui·
444 2827 676 2913 trophospermia
695 2827 752 2892 sint
771 2828 932 2887 iussuturis
953 2811 1134 2908 parietalibus
1162 2828 1272 2888 decur-

194 2989 195 2992 ,
240 2939 346 3016 tentia,
368 2935 407 2995 'id
433 2933 516 3017 quod
542 2955 608 2993 cum
630 2935 806 3016 experientia
828 2934 1014 3017 praecedenti
1043 2959 1099 2996 non
1130 2937 1273 2997 convenit·

217 3048 280 3118 d)
301 3045 406 3106 Sutura
428 3043 580 3124 leguminis
608 3042 723 3103 alterius
744 3042 862 3102 fertilis:
892 3044 983 3101 sterili
1004 3045 1119 3104 alterius
1141 3045 1270 3127 opposita

149 3166 151 3176 ¹
227 3131 302 3218 ¹esso
322 3160 381 3214 n'on
403 3166 509 3234 potest,
531 3151 588 3210 situ
607 3151 662 3209 hoc
685 3152 873 3230 symmetriam
894 3171 1007 3210 omnem
1028 3141 1170 3211 laedente.

230 3319 232 3325 ,
262 3315 270 3338 Ι
327 3257 570 3344 Trophuspermii
592 3255 747 3317 substantia
768 3277 855 3338 saepe
877 3257 962 3315 valde
984 3257 1113 3317 distincta
1134 3274 1198 3319 est.
1237 3283 1270 3298 -··

237 3364 272 3430 lu
306 3365 528 3429 Tamarindo
561 3365 773 3446 sarcocarpium
803 3344 969 3446 leguminis
989 3361 1149 3446 pulposum
1183 3362 1269 3426 nervis

237 3484 393 3546 (rasorum
414 3471 574 3544 fasciculis)
601 3473 695 3534 tribus
717 3472 832 3552 validis,
861 3471 1117 3554 longitudinalibus
1138 3472 1181 3533 ad
1207 3489 1266 3532 mar

237 3583 332 3668 ginem
353 3582 530 3643 obtusiorem
550 3605 722 3668 percursam
746 3599 806 3660 ost,
829 3603 955 3665 quorum
977 3580 1105 3642 emedio
1121 3581 1265 3662 prodeunt

235 3687 506 3782 podospermia**)·.

236 3911 267 3998 *)
306 3915 390 3980 Neue
411 3912 517 3977 Schris.
539 3913 567 3975 d.
589 3905 693 3975 berlin.
714 3913 829 3976 Naturfa
850 3908 901 3976 IV.
922 3933 954 3994 pt
977 3924 1049 3973 too«
1080 3923 1100 3966 t.
1123 3908 1154 3968 δι

234 4018 282 4104 “)
324 4023 457 4086 Gasar.
479 4021 499 4084 l.
521 4044 547 4084 c.
572 4021 608 4082 11.
629 4044 660 4104 p.
682 4025 756 4086 3ro.
