2658 4548
374 634 819 710 DEFORMIS

58 843 481 1019 Pilumnum
536 909 1106 1025 LEGUMINOSARUM

111 1241 521 1313 PRIMITIVIS
564 1243 640 1303 ΕΤ
674 1242 1062 1358 DuRIVATIS.

482 1443 677 1462 -u

124 1721 155 1810 5.
195 1747 225 1793 1.
277 1700 394 1802 Nulla
418 1713 514 1787 forte
530 1713 735 1813 plantarum
754 1713 888 1792 familia
907 1735 978 1793 tam
994 1723 1107 1820 polyss

66 1835 230 1942 vmorpha
265 1841 401 1942 genera
434 1836 707 1934 complectitur,
739 1865 849 1936 quam
879 1821 1109 1943 Legumino-

73 1962 198 2040 sarum
234 1965 338 2038 ordo.
398 1959 638 2040 Nihilominus
679 1977 801 2034 autem
838 1965 870 2035 is
911 1992 994 2058 eum
1034 1976 1109 2050 total

69 2092 293 2167 formatione
319 2069 543 2162 tum-'fructu
571 2111 592 2156 a
617 2083 768 2182 reliquis
803 2085 909 2160 valde
935 2072 1108 2170 recedere

69 2221 269 2305 asseritur,
296 2211 539 2308 siexceperis
570 2207 772 2281 formarum
797 2197 944 2310 ,paucos
971 2224 1109 2292 transi·
1195 2237 1196 2242 ’

69 2357 142 2413 tus.
195 2343 298 2430 Quae
325 2338 404 2434 ejus
438 2350 541 2406 acuta
568 2337 750 2432 separatio
777 2361 798 2408 a
822 2333 971 2436 reliquis
998 2341 1109 2414 fami-
1205 2349 1207 2354 '

68 2463 149 2553 liis,
180 2459 291 2532 nobis
316 2457 465 2560 quidem
491 2459 527 2527 in
554 2455 776 2554 incompleta
801 2458 940 2533 fruetus
966 2464 1111 2539 forma-
1182 2519 1184 2524 -

70 2589 194 2669 tione,
221 2586 260 2653 in
276 2569 477 2680 irregulari
502 2581 660 2678 partium
675 2578 857 2654 floralium
883 2588 954 2657 situ
980 2565 1027 2659 ab
1053 2591 1111 2666 ittt

67 2707 279 2808 pendente,
303 2707 343 2776 in
358 2688 510 2776 'summai
536 2700 695 2801 denique
712 2701 790 2774 folii
809 2684 1019 2782 evolutione
1033 2738 1110 2810 po·
1178 2759 1179 2764 κ

74 2832 152 2904 sita
184 2854 263 2902 esse
305 2828 459 2904 videtur.
517 2831 564 2900 Et
597 2826 660 2897 ubi
703 2825 991 2904 demonstratum
1031 2841 1110 2929 erit,
1214 2905 1218 2915 ,
1326 2813 1327 2870 l

71 2950 183 3054 quod
210 2949 458 3025 demonstrare
483 2949 592 3074 nobis
617 2955 848 3048 propositum
867 2969 941 3046 est,
967 2955 1111 3031 forma·
1170 3003 1172 3010 ·

2 3169 8 3189 1
70 3081 216 3151 tionem
248 3083 407 3179 partium
438 3074 729 3154 fructificationis
755 3098 1013 3182 suppressam,
1035 3080 1111 3152 folii
1222 3170 1225 3180 Ἰ
1293 3063 1326 3151 s

53 3199 261 3274 -evolutam
288 3225 394 3293 esse,
417 3223 533 3299 porro
560 3221 708 3296 quoque
735 3203 982 3293 argumentari
1015 3201 1110 3274 liee-

71 3322 149 3396 bit:
189 3323 421 3412 formationis
462 3320 558 3394 illam
603 3322 904 3420 suppressionem
949 3341 985 3398 et
1019 3327 1112 3400 hanc

75 3447 324 3521 evolutionem
351 3473 426 3521 non
444 3447 594 3522 fortuito
614 3445 849 3540 conjunctas,
877 3442 943 3515 sed
962 3445 1112 3523 alteram

76 3567 224 3643 alterius
251 3596 396 3644 causam
424 3593 521 3660 esse3
546 3572 599 3639 uti
623 3565 662 3637 id
689 3563 820 3637 crebro
837 3566 993 3653 inveniri
1007 3573 1111 3655 solet.

72 3729 126 3748 -
155 3691 323 3792 Singulas
348 3695 445 3765 vitae
462 3679 690 3790 .vegetabilis
714 3686 891 3788 periodos
907 3690 1111 3788 lustremus,
1137 3708 1139 3714 '

1 3869 2 3890 ,
73 3814 237 3912 partium
272 3815 510 3890 formationes
546 3817 808 3914 examinemus,
850 3837 983 3912 easque
1016 3811 1112 3889 iuter

75 3957 119 4006 se
141 3936 182 4008 iu
217 3936 344 4044 eidem
369 3939 512 4042 plantat,
557 3940 596 4010 in
632 3933 786 4012 diversis
821 3936 1111 4032 gone1·ibus,et
