<?xml version="1.0" encoding="UTF-8"?>
<!DOCTYPE html PUBLIC "-//W3C//DTD XHTML 1.0 Transitional//EN"
    "http://www.w3.org/TR/xhtml1/DTD/xhtml1-transitional.dtd">
<html xmlns="http://www.w3.org/1999/xhtml" xml:lang="en" lang="en">
 <head>
  <title>
</title>
<meta http-equiv="Content-Type" content="text/html;charset=utf-8" />
  <meta name='ocr-system' content='tesseract 3.04.00' />
  <meta name='ocr-capabilities' content='ocr_page ocr_carea ocr_par ocr_line ocrx_word'/>
</head>
<body>
  <div class='ocr_page' id='page_1' title='image "./deformisplantar00brongoog_0067.png"; bbox 0 0 2616 4552; ppageno 0'>
   <div class='ocr_carea' id='block_1_1' title="bbox 127 315 134 344">
    <p class='ocr_par' dir='ltr' id='par_1_1' title="bbox 127 315 134 344">
     <span class='ocr_line' id='line_1_1' title="bbox 127 315 134 344; baseline 0 0"><span class='ocrx_word' id='word_1_1' title='bbox 127 315 134 344; x_wconf 87' lang='grc' dir='ltr'><em>Ι</em></span> 
     </span>
    </p>
   </div>
   <div class='ocr_carea' id='block_1_2' title="bbox 249 279 294 346">
    <p class='ocr_par' dir='ltr' id='par_1_2' title="bbox 249 279 294 346">
     <span class='ocr_line' id='line_1_2' title="bbox 249 279 294 346; baseline 0 0"><span class='ocrx_word' id='word_1_2' title='bbox 249 279 294 346; x_wconf 76' lang='grc'>58</span> 
     </span>
    </p>
   </div>
   <div class='ocr_carea' id='block_1_3' title="bbox 243 471 1296 770">
    <p class='ocr_par' dir='ltr' id='par_1_3' title="bbox 243 471 1296 770">
     <span class='ocr_line' id='line_1_3' title="bbox 247 471 1296 565; baseline -0.003 -24"><span class='ocrx_word' id='word_1_3' title='bbox 247 481 337 565; x_wconf 84' lang='lat' dir='ltr'>petali</span> <span class='ocrx_word' id='word_1_4' title='bbox 360 500 459 540; x_wconf 84' lang='lat' dir='ltr'>omnes</span> <span class='ocrx_word' id='word_1_5' title='bbox 478 475 516 536; x_wconf 78' lang='lat' dir='ltr'>arl</span> <span class='ocrx_word' id='word_1_6' title='bbox 536 473 708 553; x_wconf 80' lang='lat' dir='ltr'>irregulares</span> <span class='ocrx_word' id='word_1_7' title='bbox 729 471 913 550; x_wconf 86' lang='lat' dir='ltr'>numerandi,</span> <span class='ocrx_word' id='word_1_8' title='bbox 936 494 1002 532; x_wconf 89' lang='lat' dir='ltr'>cum</span> <span class='ocrx_word' id='word_1_9' title='bbox 1018 476 1122 556; x_wconf 83' lang='lat' dir='ltr'>apetali</span> <span class='ocrx_word' id='word_1_10' title='bbox 1138 477 1296 558; x_wconf 55' lang='lat' dir='ltr'>regulatur</span> 
     </span>
     <span class='ocr_line' id='line_1_4' title="bbox 243 576 1279 670; baseline -0.006 -22"><span class='ocrx_word' id='word_1_11' title='bbox 243 609 344 670; x_wconf 78' lang='lat' dir='ltr'>acque</span> <span class='ocrx_word' id='word_1_12' title='bbox 365 611 398 647; x_wconf 90' lang='lat' dir='ltr'>ac</span> <span class='ocrx_word' id='word_1_13' title='bbox 419 583 591 664; x_wconf 81' lang='lat' dir='ltr'>irregulares</span> <span class='ocrx_word' id='word_1_14' title='bbox 613 599 674 638; x_wconf 87' lang='lat' dir='ltr'>csse</span> <span class='ocrx_word' id='word_1_15' title='bbox 691 576 822 659; x_wconf 83' lang='lat' dir='ltr'>possint)</span> <span class='ocrx_word' id='word_1_16' title='bbox 844 581 874 638; x_wconf 93' lang='lat' dir='ltr'>in</span> <span class='ocrx_word' id='word_1_17' title='bbox 891 585 1094 662; x_wconf 79' lang='lat' dir='ltr'>Ainorphal,</span> <span class='ocrx_word' id='word_1_18' title='bbox 1114 584 1279 656; x_wconf 68' lang='lat' dir='ltr'>Parisoi,</span> 
     </span>
     <span class='ocr_line' id='line_1_5' title="bbox 248 687 1278 770; baseline -0.004 -14"><span class='ocrx_word' id='word_1_19' title='bbox 248 695 505 770; x_wconf 73' lang='lat' dir='ltr'>Antlaonothlt,</span> <span class='ocrx_word' id='word_1_20' title='bbox 526 691 696 770; x_wconf 81' lang='lat' dir='ltr'>Eperual,</span> <span class='ocrx_word' id='word_1_21' title='bbox 716 688 849 764; x_wconf 68' lang='lat' dir='ltr'>lussit,</span> <span class='ocrx_word' id='word_1_22' title='bbox 875 687 1089 768; x_wconf 69' lang='lat' dir='ltr'>Vouaplll,</span> <span class='ocrx_word' id='word_1_23' title='bbox 1106 690 1278 752; x_wconf 87' lang='lat' dir='ltr'>Codarin</span> 
     </span>
    </p>
   </div>
   <div class='ocr_carea' id='block_1_4' title="bbox 154 793 1278 876">
    <p class='ocr_par' dir='ltr' id='par_1_4' title="bbox 154 793 1278 876">
     <span class='ocr_line' id='line_1_6' title="bbox 154 793 1278 876; baseline -0.002 -18"><span class='ocrx_word' id='word_1_24' title='bbox 154 817 158 824; x_wconf 90' lang='lat'>&#39;</span> <span class='ocrx_word' id='word_1_25' title='bbox 248 802 445 865; x_wconf 69' lang='lat' dir='ltr'>Serennia.</span> <span class='ocrx_word' id='word_1_26' title='bbox 486 829 530 842; x_wconf 82' lang='lat'>-</span> <span class='ocrx_word' id='word_1_27' title='bbox 566 795 694 876; x_wconf 85' lang='lat' dir='ltr'>3pctala,</span> <span class='ocrx_word' id='word_1_28' title='bbox 723 793 829 854; x_wconf 83' lang='lat' dir='ltr'>vexillo</span> <span class='ocrx_word' id='word_1_29' title='bbox 860 811 887 854; x_wconf 90' lang='lat' dir='ltr'>et</span> <span class='ocrx_word' id='word_1_30' title='bbox 915 795 1231 876; x_wconf 80' lang='lat' dir='ltr'>allspcrsistentibus,</span> <span class='ocrx_word' id='word_1_31' title='bbox 1259 800 1278 856; x_wconf 88' lang='lat' dir='ltr'>in</span> 
     </span>
    </p>
   </div>
   <div class='ocr_carea' id='block_1_5' title="bbox 247 887 1277 980">
    <p class='ocr_par' dir='ltr' id='par_1_5' title="bbox 247 887 1277 980">
     <span class='ocr_line' id='line_1_7' title="bbox 247 887 1277 980; baseline -0.007 -11"><span class='ocrx_word' id='word_1_32' title='bbox 247 909 582 980; x_wconf 82' lang='lat' dir='ltr'>Heterostemone,</span> <span class='ocrx_word' id='word_1_33' title='bbox 602 901 1023 980; x_wconf 59' lang='lat' dir='ltr'>Tamarindofflalovea</span> <span class='ocrx_word' id='word_1_34' title='bbox 1049 887 1277 962; x_wconf 82' lang='lat' dir='ltr'>Corollaabortu</span> 
     </span>
    </p>
   </div>
   <div class='ocr_carea' id='block_1_6' title="bbox 247 1005 1274 1099">
    <p class='ocr_par' dir='ltr' id='par_1_6' title="bbox 247 1005 1274 1099">
     <span class='ocr_line' id='line_1_8' title="bbox 247 1005 1274 1099; baseline -0.003 -28"><span class='ocrx_word' id='word_1_35' title='bbox 247 1039 266 1082; x_wconf 71' lang='lat'>2</span> <span class='ocrx_word' id='word_1_36' title='bbox 294 1029 337 1061; x_wconf 79' lang='lat'>-¹-</span> <span class='ocrx_word' id='word_1_37' title='bbox 368 1013 388 1085; x_wconf 72' lang='grc'>4</span> <span class='ocrx_word' id='word_1_38' title='bbox 418 1008 510 1099; x_wconf 87' lang='lat' dir='ltr'>petala</span> <span class='ocrx_word' id='word_1_39' title='bbox 539 1026 649 1070; x_wconf 85' lang='lat' dir='ltr'>exstare</span> <span class='ocrx_word' id='word_1_40' title='bbox 676 1029 734 1067; x_wconf 90' lang='lat' dir='ltr'>non</span> <span class='ocrx_word' id='word_1_41' title='bbox 766 1005 898 1086; x_wconf 86' lang='lat' dir='ltr'>videtur,</span> <span class='ocrx_word' id='word_1_42' title='bbox 930 1031 994 1068; x_wconf 89' lang='lat' dir='ltr'>nam</span> <span class='ocrx_word' id='word_1_43' title='bbox 1022 1009 1173 1090; x_wconf 73' lang='lat' dir='ltr'>Afzelia</span> <span class='ocrx_word' id='word_1_44' title='bbox 1209 1011 1274 1070; x_wconf 81' lang='lat' dir='ltr'>sorte</span> 
     </span>
    </p>
   </div>
   <div class='ocr_carea' id='block_1_7' title="bbox 247 1118 1269 1337">
    <p class='ocr_par' dir='ltr' id='par_1_7' title="bbox 247 1118 1269 1311">
     <span class='ocr_line' id='line_1_9' title="bbox 247 1118 699 1207; baseline -0.024 -21"><span class='ocrx_word' id='word_1_45' title='bbox 247 1123 431 1186; x_wconf 70' lang='lat' dir='ltr'>cohaerentia</span> <span class='ocrx_word' id='word_1_46' title='bbox 453 1118 585 1207; x_wconf 69' lang='lat' dir='ltr'>dpetala</span> <span class='ocrx_word' id='word_1_47' title='bbox 590 1134 639 1177; x_wconf 87' lang='lat' dir='ltr'>cst.</span> <span class='ocrx_word' id='word_1_48' title='bbox 656 1147 699 1158; x_wconf 83' lang='lat'>-·</span> 
     </span>
     <span class='ocr_line' id='line_1_10' title="bbox 328 1222 1269 1337; baseline -0.007 -48"><span class='ocrx_word' id='word_1_49' title='bbox 328 1229 452 1337; x_wconf 82' lang='lat' dir='ltr'>Reliqua</span> <span class='ocrx_word' id='word_1_50' title='bbox 474 1247 568 1288; x_wconf 83' lang='lat' dir='ltr'>autern</span> <span class='ocrx_word' id='word_1_51' title='bbox 588 1226 682 1308; x_wconf 84' lang='lat' dir='ltr'>petala</span> <span class='ocrx_word' id='word_1_52' title='bbox 704 1245 805 1286; x_wconf 80' lang='lat' dir='ltr'>severa</span> <span class='ocrx_word' id='word_1_53' title='bbox 827 1222 954 1284; x_wconf 81' lang='lat' dir='ltr'>abortire</span> <span class='ocrx_word' id='word_1_54' title='bbox 976 1247 1053 1302; x_wconf 84' lang='lat' dir='ltr'>esse,</span> <span class='ocrx_word' id='word_1_55' title='bbox 1076 1241 1103 1315; x_wconf 78' lang='lat' dir='ltr'>et</span> <span class='ocrx_word' id='word_1_56' title='bbox 1125 1245 1161 1282; x_wconf 84' lang='lat' dir='ltr'>cx</span> <span class='ocrx_word' id='word_1_57' title='bbox 1185 1224 1269 1283; x_wconf 86' lang='lat' dir='ltr'>analo·</span> 
     </span>
    </p>
   </div>
   <div class='ocr_carea' id='block_1_8' title="bbox 236 1333 1296 2832">
    <p class='ocr_par' dir='ltr' id='par_1_8' title="bbox 242 1333 1271 1846">
     <span class='ocr_line' id='line_1_11' title="bbox 246 1333 1270 1424; baseline -0.013 -25"><span class='ocrx_word' id='word_1_58' title='bbox 246 1337 293 1424; x_wconf 81' lang='lat' dir='ltr'>glal</span> <span class='ocrx_word' id='word_1_59' title='bbox 316 1351 343 1396; x_wconf 88' lang='lat' dir='ltr'>et</span> <span class='ocrx_word' id='word_1_60' title='bbox 366 1358 399 1395; x_wconf 84' lang='lat' dir='ltr'>ex</span> <span class='ocrx_word' id='word_1_61' title='bbox 421 1337 538 1413; x_wconf 87' lang='lat' dir='ltr'>loeis,</span> <span class='ocrx_word' id='word_1_62' title='bbox 530 1351 605 1394; x_wconf 85' lang='lat' dir='ltr'>mter</span> <span class='ocrx_word' id='word_1_63' title='bbox 620 1334 734 1414; x_wconf 79' lang='lat' dir='ltr'>lacinias</span> <span class='ocrx_word' id='word_1_64' title='bbox 754 1333 892 1422; x_wconf 73' lang='lat' dir='ltr'>ealpcinas</span> <span class='ocrx_word' id='word_1_65' title='bbox 914 1334 1023 1410; x_wconf 80' lang='lat' dir='ltr'>vacuis,</span> <span class='ocrx_word' id='word_1_66' title='bbox 1043 1333 1188 1409; x_wconf 83' lang='lat' dir='ltr'>noscitur,</span> <span class='ocrx_word' id='word_1_67' title='bbox 1208 1335 1270 1390; x_wconf 84' lang='lat' dir='ltr'>sicut</span> 
     </span>
     <span class='ocr_line' id='line_1_12' title="bbox 245 1437 1271 1523; baseline -0.011 -18"><span class='ocrx_word' id='word_1_68' title='bbox 245 1444 313 1504; x_wconf 80' lang='lat' dir='ltr'>ltine</span> <span class='ocrx_word' id='word_1_69' title='bbox 336 1443 404 1502; x_wconf 89' lang='lat' dir='ltr'>inde</span> <span class='ocrx_word' id='word_1_70' title='bbox 427 1428 619 1523; x_wconf 72' lang='lat' dir='ltr'>ex‘pctalisl</span> <span class='ocrx_word' id='word_1_71' title='bbox 606 1439 766 1522; x_wconf 77' lang='lat' dir='ltr'>fugacibus.</span> <span class='ocrx_word' id='word_1_72' title='bbox 810 1437 870 1496; x_wconf 89' lang='lat' dir='ltr'>Sed</span> <span class='ocrx_word' id='word_1_73' title='bbox 891 1441 998 1498; x_wconf 88' lang='lat' dir='ltr'>corolla</span> <span class='ocrx_word' id='word_1_74' title='bbox 1020 1441 1134 1498; x_wconf 86' lang='lat' dir='ltr'>oumino</span> <span class='ocrx_word' id='word_1_75' title='bbox 1148 1439 1271 1497; x_wconf 77' lang='lat' dir='ltr'>abortire</span> 
     </span>
     <span class='ocr_line' id='line_1_13' title="bbox 244 1545 1267 1634; baseline -0.015 -19"><span class='ocrx_word' id='word_1_76' title='bbox 244 1575 314 1618; x_wconf 82' lang='lat' dir='ltr'>num</span> <span class='ocrx_word' id='word_1_77' title='bbox 341 1551 480 1634; x_wconf 87' lang='lat' dir='ltr'>regularis</span> <span class='ocrx_word' id='word_1_78' title='bbox 509 1572 544 1607; x_wconf 89' lang='lat' dir='ltr'>an</span> <span class='ocrx_word' id='word_1_79' title='bbox 571 1545 738 1629; x_wconf 87' lang='lat' dir='ltr'>irregularis</span> <span class='ocrx_word' id='word_1_80' title='bbox 765 1545 913 1626; x_wconf 89' lang='lat' dir='ltr'>cogitanda</span> <span class='ocrx_word' id='word_1_81' title='bbox 934 1548 985 1626; x_wconf 85' lang='lat' dir='ltr'>sit,</span> <span class='ocrx_word' id='word_1_82' title='bbox 1019 1548 1053 1606; x_wconf 89' lang='lat' dir='ltr'>id</span> <span class='ocrx_word' id='word_1_83' title='bbox 1074 1568 1112 1604; x_wconf 82' lang='lat' dir='ltr'>ex</span> <span class='ocrx_word' id='word_1_84' title='bbox 1133 1547 1220 1626; x_wconf 72' lang='lat' dir='ltr'>calyce</span> <span class='ocrx_word' id='word_1_85' title='bbox 1238 1559 1267 1600; x_wconf 85' lang='lat' dir='ltr'>et</span> 
     </span>
     <span class='ocr_line' id='line_1_14' title="bbox 242 1650 1268 1740; baseline -0.016 -15"><span class='ocrx_word' id='word_1_86' title='bbox 242 1660 410 1725; x_wconf 69' lang='lat' dir='ltr'>staminibus</span> <span class='ocrx_word' id='word_1_87' title='bbox 433 1650 560 1717; x_wconf 76' lang='lat' dir='ltr'>noscitur</span> <span class='ocrx_word' id='word_1_88' title='bbox 568 1675 676 1740; x_wconf 84' lang='lat' dir='ltr'>,quae</span> <span class='ocrx_word' id='word_1_89' title='bbox 698 1674 811 1734; x_wconf 82' lang='lat' dir='ltr'>semper</span> <span class='ocrx_word' id='word_1_90' title='bbox 829 1651 970 1737; x_wconf 86' lang='lat' dir='ltr'>regularia</span> <span class='ocrx_word' id='word_1_91' title='bbox 991 1675 1058 1714; x_wconf 88' lang='lat' dir='ltr'>cum</span> <span class='ocrx_word' id='word_1_92' title='bbox 1078 1653 1202 1733; x_wconf 88' lang='lat' dir='ltr'>regulari</span> <span class='ocrx_word' id='word_1_93' title='bbox 1223 1673 1268 1710; x_wconf 90' lang='lat' dir='ltr'>co·</span> 
     </span>
     <span class='ocr_line' id='line_1_15' title="bbox 243 1767 681 1846; baseline -0.03 -14"><span class='ocrx_word' id='word_1_94' title='bbox 243 1767 317 1832; x_wconf 70' lang='lat' dir='ltr'>tolla</span> <span class='ocrx_word' id='word_1_95' title='bbox 338 1769 435 1846; x_wconf 83' lang='lat' dir='ltr'>juncta</span> <span class='ocrx_word' id='word_1_96' title='bbox 457 1767 537 1844; x_wconf 84' lang='lat' dir='ltr'>sint,</span> <span class='ocrx_word' id='word_1_97' title='bbox 550 1781 626 1824; x_wconf 90' lang='lat' dir='ltr'>etv.</span> <span class='ocrx_word' id='word_1_98' title='bbox 649 1784 681 1830; x_wconf 83' lang='lat' dir='ltr'>v„</span> 
     </span>
    </p>

    <p class='ocr_par' dir='ltr' id='par_1_9' title="bbox 236 1865 1296 2809">
     <span class='ocr_line' id='line_1_16' title="bbox 332 1865 1270 1948; baseline -0.011 -14"><span class='ocrx_word' id='word_1_99' title='bbox 332 1897 358 1934; x_wconf 88' lang='lat'>2</span> <span class='ocrx_word' id='word_1_100' title='bbox 385 1867 631 1938; x_wconf 79' lang='lat' dir='ltr'>cohaerentia</span> <span class='ocrx_word' id='word_1_101' title='bbox 653 1865 690 1948; x_wconf 90' lang='lat' dir='ltr'>a)</span> <span class='ocrx_word' id='word_1_102' title='bbox 711 1867 973 1928; x_wconf 67' lang='lat' dir='ltr'>uniuersali</span> <span class='ocrx_word' id='word_1_103' title='bbox 964 1827 1270 1926; x_wconf 77' lang='lat' dir='ltr'>rulllimosearum</span> 
     </span>
     <span class='ocr_line' id='line_1_17' title="bbox 242 1952 1270 2070; baseline -0.013 -27"><span class='ocrx_word' id='word_1_104' title='bbox 242 1986 398 2070; x_wconf 75' lang='lat' dir='ltr'>generibus</span> <span class='ocrx_word' id='word_1_105' title='bbox 418 1952 550 2039; x_wconf 84' lang='lat' dir='ltr'>omnibus</span> <span class='ocrx_word' id='word_1_106' title='bbox 572 1975 720 2036; x_wconf 73' lang='lat' dir='ltr'>corollae</span> <span class='ocrx_word' id='word_1_107' title='bbox 702 1973 879 2056; x_wconf 87' lang='lat' dir='ltr'>gamopetala</span> <span class='ocrx_word' id='word_1_108' title='bbox 898 1975 1038 2052; x_wconf 82' lang='lat' dir='ltr'>nascitur,</span> <span class='ocrx_word' id='word_1_109' title='bbox 1063 1986 1147 2055; x_wconf 85' lang='lat' dir='ltr'>quatn</span> <span class='ocrx_word' id='word_1_110' title='bbox 1160 1995 1175 2030; x_wconf 90' lang='lat' dir='ltr'>a</span> <span class='ocrx_word' id='word_1_111' title='bbox 1189 1975 1270 2054; x_wconf 81' lang='lat' dir='ltr'>poly-</span> 
     </span>
     <span class='ocr_line' id='line_1_18' title="bbox 243 2071 1278 2174; baseline -0.012 -24"><span class='ocrx_word' id='word_1_112' title='bbox 243 2089 339 2174; x_wconf 77' lang='lat' dir='ltr'>petala</span> <span class='ocrx_word' id='word_1_113' title='bbox 361 2108 418 2146; x_wconf 95' lang='lat' dir='ltr'>non</span> <span class='ocrx_word' id='word_1_114' title='bbox 439 2071 595 2145; x_wconf 77' lang='lat' dir='ltr'>admodum</span> <span class='ocrx_word' id='word_1_115' title='bbox 620 2081 760 2144; x_wconf 75' lang='lat' dir='ltr'>recedere</span> <span class='ocrx_word' id='word_1_116' title='bbox 789 2104 822 2158; x_wconf 77' lang='lat' dir='ltr'>ex</span> <span class='ocrx_word' id='word_1_117' title='bbox 852 2103 888 2142; x_wconf 86' lang='lat' dir='ltr'>eo</span> <span class='ocrx_word' id='word_1_118' title='bbox 915 2095 1008 2162; x_wconf 87' lang='lat' dir='ltr'>patet,</span> <span class='ocrx_word' id='word_1_119' title='bbox 1036 2077 1121 2162; x_wconf 86' lang='lat' dir='ltr'>quod</span> <span class='ocrx_word' id='word_1_120' title='bbox 1148 2081 1278 2161; x_wconf 82' lang='lat' dir='ltr'>ejusdem</span> 
     </span>
     <span class='ocr_line' id='line_1_19' title="bbox 243 2184 1265 2277; baseline -0.006 -23"><span class='ocrx_word' id='word_1_121' title='bbox 243 2195 357 2277; x_wconf 81' lang='lat' dir='ltr'>generis</span> <span class='ocrx_word' id='word_1_122' title='bbox 379 2193 492 2272; x_wconf 86' lang='lat' dir='ltr'>species</span> <span class='ocrx_word' id='word_1_123' title='bbox 514 2191 690 2273; x_wconf 85' lang='lat' dir='ltr'>(Acaciae</span> <span class='ocrx_word' id='word_1_124' title='bbox 714 2203 742 2248; x_wconf 92' lang='lat' dir='ltr'>ct</span> <span class='ocrx_word' id='word_1_125' title='bbox 762 2184 1009 2270; x_wconf 78' lang='lat' dir='ltr'>Desmantlii)</span> <span class='ocrx_word' id='word_1_126' title='bbox 1039 2210 1117 2247; x_wconf 88' lang='lat' dir='ltr'>nunc</span> <span class='ocrx_word' id='word_1_127' title='bbox 1139 2211 1265 2272; x_wconf 88' lang='lat' dir='ltr'>gamape·</span> 
     </span>
     <span class='ocr_line' id='line_1_20' title="bbox 240 2295 1264 2379; baseline -0.004 -19"><span class='ocrx_word' id='word_1_128' title='bbox 240 2300 312 2360; x_wconf 85' lang='lat' dir='ltr'>talae</span> <span class='ocrx_word' id='word_1_129' title='bbox 326 2320 402 2358; x_wconf 90' lang='lat' dir='ltr'>nunc</span> <span class='ocrx_word' id='word_1_130' title='bbox 421 2300 617 2379; x_wconf 86' lang='lat' dir='ltr'>pentapetalac</span> <span class='ocrx_word' id='word_1_131' title='bbox 636 2301 699 2356; x_wconf 87' lang='lat' dir='ltr'>sint.</span> <span class='ocrx_word' id='word_1_132' title='bbox 735 2297 889 2371; x_wconf 83' lang='lat' dir='ltr'>Praeterea</span> <span class='ocrx_word' id='word_1_133' title='bbox 910 2295 1018 2354; x_wconf 88' lang='lat' dir='ltr'>corolla</span> <span class='ocrx_word' id='word_1_134' title='bbox 1032 2299 1264 2378; x_wconf 85' lang='lat' dir='ltr'>gamopctalatn&#39;·</span> 
     </span>
     <span class='ocr_line' id='line_1_21' title="bbox 239 2383 1261 2488; baseline -0.007 -18"><span class='ocrx_word' id='word_1_135' title='bbox 239 2405 340 2470; x_wconf 81' lang='lat' dir='ltr'>buitur</span> <span class='ocrx_word' id='word_1_136' title='bbox 357 2404 405 2464; x_wconf 93' lang='lat' dir='ltr'>Co</span> <span class='ocrx_word' id='word_1_137' title='bbox 416 2405 521 2462; x_wconf 72' lang='lat' dir='ltr'>ulalan</span> <span class='ocrx_word' id='word_1_138' title='bbox 530 2405 550 2462; x_wconf 90' lang='lat' dir='ltr'>d</span> <span class='ocrx_word' id='word_1_139' title='bbox 560 2407 627 2482; x_wconf 86' lang='lat' dir='ltr'>iae,</span> <span class='ocrx_word' id='word_1_140' title='bbox 643 2409 743 2488; x_wconf 84' lang='lat' dir='ltr'>generi</span> <span class='ocrx_word' id='word_1_141' title='bbox 753 2383 861 2482; x_wconf 41' lang='lat' dir='ltr'>dubini,</span> <span class='ocrx_word' id='word_1_142' title='bbox 876 2401 951 2482; x_wconf 77' lang='lat' dir='ltr'>forte</span> <span class='ocrx_word' id='word_1_143' title='bbox 965 2401 1085 2462; x_wconf 86' lang='lat' dir='ltr'>conflato</span> <span class='ocrx_word' id='word_1_144' title='bbox 1101 2403 1261 2474; x_wconf 81' lang='lat' dir='ltr'>exlllimn·</span> 
     </span>
     <span class='ocr_line' id='line_1_22' title="bbox 241 2505 1267 2594; baseline -0.002 -22"><span class='ocrx_word' id='word_1_145' title='bbox 241 2521 327 2575; x_wconf 84' lang='lat' dir='ltr'>se&#39;ae</span> <span class='ocrx_word' id='word_1_146' title='bbox 349 2511 497 2594; x_wconf 72' lang='lat' dir='ltr'>eujusdam</span> <span class='ocrx_word' id='word_1_147' title='bbox 509 2511 582 2571; x_wconf 85' lang='lat' dir='ltr'>flore</span> <span class='ocrx_word' id='word_1_148' title='bbox 597 2528 624 2572; x_wconf 90' lang='lat' dir='ltr'>et</span> <span class='ocrx_word' id='word_1_149' title='bbox 638 2535 672 2571; x_wconf 83' lang='lat' dir='ltr'>cx</span> <span class='ocrx_word' id='word_1_150' title='bbox 698 2512 884 2582; x_wconf 79' lang='lat' dir='ltr'>Miillcrae</span> <span class='ocrx_word' id='word_1_151' title='bbox 897 2505 954 2567; x_wconf 75' lang='lat' dir='ltr'>&#39;aut</span> <span class='ocrx_word' id='word_1_152' title='bbox 976 2509 1171 2591; x_wconf 83' lang='lat' dir='ltr'>Soplrorae</span> <span class='ocrx_word' id='word_1_153' title='bbox 1191 2513 1267 2592; x_wconf 87' lang='lat' dir='ltr'>legu-</span> 
     </span>
     <span class='ocr_line' id='line_1_23' title="bbox 238 2595 1268 2702; baseline -0.009 -21"><span class='ocrx_word' id='word_1_154' title='bbox 238 2621 324 2681; x_wconf 84' lang='lat' dir='ltr'>mine.</span> <span class='ocrx_word' id='word_1_155' title='bbox 344 2619 389 2682; x_wconf 88' lang='lat' dir='ltr'>De</span> <span class='ocrx_word' id='word_1_156' title='bbox 406 2619 425 2676; x_wconf 89' lang='lat' dir='ltr'>J</span> <span class='ocrx_word' id='word_1_157' title='bbox 432 2641 579 2678; x_wconf 84' lang='lat' dir='ltr'>unesrac</span> <span class='ocrx_word' id='word_1_158' title='bbox 596 2622 704 2680; x_wconf 63' lang='lat' dir='ltr'>corolla</span> <span class='ocrx_word' id='word_1_159' title='bbox 718 2595 898 2702; x_wconf 18' lang='lat' dir='ltr'>&#39;gamopetala</span> <span class='ocrx_word' id='word_1_160' title='bbox 914 2615 971 2676; x_wconf 83' lang='lat' dir='ltr'>vul</span> <span class='ocrx_word' id='word_1_161' title='bbox 987 2613 1009 2692; x_wconf 62' lang='lat' dir='ltr'>i.</span> <span class='ocrx_word' id='word_1_162' title='bbox 1026 2614 1075 2686; x_wconf 70' lang='lat'>64.</span> <span class='ocrx_word' id='word_1_163' title='bbox 1097 2617 1127 2675; x_wconf 92' lang='lat' dir='ltr'>ln</span> <span class='ocrx_word' id='word_1_164' title='bbox 1143 2617 1268 2674; x_wconf 81' lang='lat' dir='ltr'>Trafo</span> 
     </span>
     <span class='ocr_line' id='line_1_24' title="bbox 236 2721 1296 2832; baseline -0.008 -44"><span class='ocrx_word' id='word_1_165' title='bbox 236 2728 302 2799; x_wconf 83' lang='lat' dir='ltr'>liis</span> <span class='ocrx_word' id='word_1_166' title='bbox 330 2727 505 2808; x_wconf 86' lang='lat' dir='ltr'>quibusdam</span> <span class='ocrx_word' id='word_1_167' title='bbox 524 2729 617 2809; x_wconf 84' lang='lat' dir='ltr'>petala</span> <span class='ocrx_word' id='word_1_168' title='bbox 645 2731 737 2786; x_wconf 88' lang='lat' dir='ltr'>omnia</span> <span class='ocrx_word' id='word_1_169' title='bbox 759 2749 817 2786; x_wconf 89' lang='lat' dir='ltr'>non</span> <span class='ocrx_word' id='word_1_170' title='bbox 834 2722 1017 2832; x_wconf 84' lang='lat' dir='ltr'>marginibus</span> <span class='ocrx_word' id='word_1_171' title='bbox 1036 2723 1088 2783; x_wconf 86' lang='lat' dir='ltr'>sed</span> <span class='ocrx_word' id='word_1_172' title='bbox 1104 2721 1192 2780; x_wconf 80' lang='lat' dir='ltr'>hmbn</span> <span class='ocrx_word' id='word_1_173' title='bbox 1210 2741 1264 2780; x_wconf 88' lang='lat' dir='ltr'>eo-</span> <span class='ocrx_word' id='word_1_174' title='bbox 1295 2749 1296 2784; x_wconf 63' lang='grc' dir='ltr'>ι</span> 
     </span>
    </p>
   </div>
   <div class='ocr_carea' id='block_1_9' title="bbox 145 2832 1096 2916">
    <p class='ocr_par' dir='ltr' id='par_1_10' title="bbox 145 2832 1096 2916">
     <span class='ocr_line' id='line_1_25' title="bbox 145 2832 1096 2916; baseline -0.004 -22"><span class='ocrx_word' id='word_1_175' title='bbox 145 2885 146 2894; x_wconf 70' lang='grc'>,</span> <span class='ocrx_word' id='word_1_176' title='bbox 237 2833 370 2908; x_wconf 81' lang='lat' dir='ltr'>haerent,</span> <span class='ocrx_word' id='word_1_177' title='bbox 391 2832 464 2893; x_wconf 88' lang='lat' dir='ltr'>flore</span> <span class='ocrx_word' id='word_1_178' title='bbox 486 2857 543 2893; x_wconf 93' lang='lat' dir='ltr'>non</span> <span class='ocrx_word' id='word_1_179' title='bbox 556 2835 721 2896; x_wconf 70' lang='lat' dir='ltr'>demittend</span> <span class='ocrx_word' id='word_1_180' title='bbox 743 2836 843 2894; x_wconf 87' lang='lat' dir='ltr'>faciem</span> <span class='ocrx_word' id='word_1_181' title='bbox 865 2834 1096 2916; x_wconf 86' lang='lat' dir='ltr'>papilionaceam.</span> 
     </span>
    </p>
   </div>
   <div class='ocr_carea' id='block_1_10' title="bbox 140 3153 145 3184">
    <p class='ocr_par' dir='ltr' id='par_1_11' title="bbox 140 3153 145 3184">
     <span class='ocr_line' id='line_1_26' title="bbox 140 3153 145 3184; baseline 0 0"><span class='ocrx_word' id='word_1_182' title='bbox 140 3153 145 3184; x_wconf 94' lang='lat' dir='ltr'>l</span> 
     </span>
    </p>
   </div>
   <div class='ocr_carea' id='block_1_11' title="bbox 235 2923 1268 3132">
    <p class='ocr_par' dir='ltr' id='par_1_12' title="bbox 235 2923 1268 3132">
     <span class='ocr_line' id='line_1_27' title="bbox 321 2923 1268 3024; baseline 0 -22"><span class='ocrx_word' id='word_1_183' title='bbox 321 2961 348 3002; x_wconf 86' lang='lat'>2.</span> <span class='ocrx_word' id='word_1_184' title='bbox 372 2935 617 3002; x_wconf 82' lang='lat' dir='ltr'>cohaerentia</span> <span class='ocrx_word' id='word_1_185' title='bbox 638 2941 679 3024; x_wconf 89' lang='lat' dir='ltr'>b)</span> <span class='ocrx_word' id='word_1_186' title='bbox 701 2923 871 3024; x_wconf 87' lang='lat' dir='ltr'>partiali,</span> <span class='ocrx_word' id='word_1_187' title='bbox 894 2943 969 3022; x_wconf 76' lang='lat' dir='ltr'>quae</span> <span class='ocrx_word' id='word_1_188' title='bbox 992 2962 1048 2998; x_wconf 86' lang='lat' dir='ltr'>non</span> <span class='ocrx_word' id='word_1_189' title='bbox 1067 2941 1124 3002; x_wconf 88' lang='lat' dir='ltr'>nisi</span> <span class='ocrx_word' id='word_1_190' title='bbox 1145 2941 1175 2999; x_wconf 88' lang='lat' dir='ltr'>in</span> <span class='ocrx_word' id='word_1_191' title='bbox 1194 2939 1268 3002; x_wconf 82' lang='lat' dir='ltr'>llere</span> 
     </span>
     <span class='ocr_line' id='line_1_28' title="bbox 235 3048 1267 3132; baseline -0.002 -22"><span class='ocrx_word' id='word_1_192' title='bbox 235 3049 387 3130; x_wconf 79' lang='lat' dir='ltr'>irregulari</span> <span class='ocrx_word' id='word_1_193' title='bbox 410 3063 436 3107; x_wconf 86' lang='lat' dir='ltr'>et</span> <span class='ocrx_word' id='word_1_194' title='bbox 459 3051 662 3130; x_wconf 81' lang='lat' dir='ltr'>papilionaeeo</span> <span class='ocrx_word' id='word_1_195' title='bbox 680 3051 802 3132; x_wconf 67' lang='lat' dir='ltr'>&#39;cogitari</span> <span class='ocrx_word' id='word_1_196' title='bbox 824 3056 926 3130; x_wconf 81' lang='lat' dir='ltr'>potest.</span> <span class='ocrx_word' id='word_1_197' title='bbox 956 3048 1055 3107; x_wconf 80' lang='lat' dir='ltr'>Nihilo</span> <span class='ocrx_word' id='word_1_198' title='bbox 1070 3051 1267 3118; x_wconf 82' lang='lat' dir='ltr'>minusautem</span> 
     </span>
    </p>
   </div>
   <div class='ocr_carea' id='block_1_12' title="bbox 177 3154 1267 3240">
    <p class='ocr_par' dir='ltr' id='par_1_13' title="bbox 177 3154 1267 3240">
     <span class='ocr_line' id='line_1_29' title="bbox 177 3154 1267 3240; baseline 0 -24"><span class='ocrx_word' id='word_1_199' title='bbox 177 3167 188 3198; x_wconf 65' lang='grc' dir='ltr'>ι’</span> <span class='ocrx_word' id='word_1_200' title='bbox 234 3154 264 3216; x_wconf 86' lang='lat' dir='ltr'>in</span> <span class='ocrx_word' id='word_1_201' title='bbox 286 3157 320 3216; x_wconf 89' lang='lat' dir='ltr'>iis</span> <span class='ocrx_word' id='word_1_202' title='bbox 342 3172 450 3215; x_wconf 81' lang='lat' dir='ltr'>tarnum</span> <span class='ocrx_word' id='word_1_203' title='bbox 472 3155 596 3216; x_wconf 85' lang='lat' dir='ltr'>floribus</span> <span class='ocrx_word' id='word_1_204' title='bbox 618 3155 755 3236; x_wconf 79' lang='lat' dir='ltr'>liabetur,</span> <span class='ocrx_word' id='word_1_205' title='bbox 778 3159 904 3238; x_wconf 84' lang='lat' dir='ltr'>quorum</span> <span class='ocrx_word' id='word_1_206' title='bbox 925 3157 1040 3214; x_wconf 86' lang='lat' dir='ltr'>stamina</span> <span class='ocrx_word' id='word_1_207' title='bbox 1058 3173 1179 3216; x_wconf 84' lang='lat' dir='ltr'>connata</span> <span class='ocrx_word' id='word_1_208' title='bbox 1200 3158 1267 3240; x_wconf 86' lang='lat' dir='ltr'>(er-</span> 
     </span>
    </p>
   </div>
   <div class='ocr_carea' id='block_1_13' title="bbox 218 3247 1265 3357">
    <p class='ocr_par' dir='ltr' id='par_1_14' title="bbox 218 3247 1265 3357">
     <span class='ocr_line' id='line_1_30' title="bbox 218 3247 1265 3357; baseline 0.006 -38"><span class='ocrx_word' id='word_1_209' title='bbox 218 3267 330 3357; x_wconf 68' lang='grc' dir='ltr'>ιεεριο</span> <span class='ocrx_word' id='word_1_210' title='bbox 346 3264 427 3324; x_wconf 89' lang='lat' dir='ltr'>solo</span> <span class='ocrx_word' id='word_1_211' title='bbox 429 3263 719 3342; x_wconf 82' lang='lat' dir='ltr'>Gompholobio</span> <span class='ocrx_word' id='word_1_212' title='bbox 750 3275 777 3323; x_wconf 78' lang='lat' dir='ltr'>ct</span> <span class='ocrx_word' id='word_1_213' title='bbox 794 3247 925 3340; x_wconf 85' lang='lat' dir='ltr'>Aeto)</span> <span class='ocrx_word' id='word_1_214' title='bbox 954 3278 1029 3321; x_wconf 82' lang='lat' dir='ltr'>sunt.</span> <span class='ocrx_word' id='word_1_215' title='bbox 1073 3264 1265 3325; x_wconf 80' lang='lat' dir='ltr'>Cohaerentil</span> 
     </span>
    </p>
   </div>
   <div class='ocr_carea' id='block_1_14' title="bbox 127 3345 1266 3454">
    <p class='ocr_par' dir='ltr' id='par_1_15' title="bbox 127 3345 1266 3454">
     <span class='ocr_line' id='line_1_31' title="bbox 127 3345 1266 3454; baseline 0.005 -27"><span class='ocrx_word' id='word_1_216' title='bbox 127 3393 152 3420; x_wconf 55' lang='lat' dir='ltr'>x</span> <span class='ocrx_word' id='word_1_217' title='bbox 215 3364 345 3452; x_wconf 81' lang='lat' dir='ltr'>partiali</span> <span class='ocrx_word' id='word_1_218' title='bbox 371 3374 405 3445; x_wconf 83' lang='lat' dir='ltr'>t)</span> <span class='ocrx_word' id='word_1_219' title='bbox 429 3389 506 3427; x_wconf 88' lang='lat' dir='ltr'>nunc</span> <span class='ocrx_word' id='word_1_220' title='bbox 528 3369 704 3452; x_wconf 81' lang='lat' dir='ltr'>plerumque</span> <span class='ocrx_word' id='word_1_221' title='bbox 726 3371 836 3430; x_wconf 83' lang='lat' dir='ltr'>catinae</span> <span class='ocrx_word' id='word_1_222' title='bbox 859 3383 965 3426; x_wconf 87' lang='lat' dir='ltr'>tantum</span> <span class='ocrx_word' id='word_1_223' title='bbox 987 3345 1145 3451; x_wconf 69' lang='lat' dir='ltr'>petalama</span> <span class='ocrx_word' id='word_1_224' title='bbox 1147 3375 1266 3454; x_wconf 83' lang='lat' dir='ltr'>rginein</span> 
     </span>
    </p>
   </div>
   <div class='ocr_carea' id='block_1_15' title="bbox 229 3476 1265 3562">
    <p class='ocr_par' dir='ltr' id='par_1_16' title="bbox 229 3476 1265 3562">
     <span class='ocr_line' id='line_1_32' title="bbox 229 3476 1265 3562; baseline 0.003 -27"><span class='ocrx_word' id='word_1_225' title='bbox 229 3495 321 3535; x_wconf 79' lang='lat' dir='ltr'>unum</span> <span class='ocrx_word' id='word_1_226' title='bbox 343 3479 423 3558; x_wconf 88' lang='lat' dir='ltr'>quasi</span> <span class='ocrx_word' id='word_1_227' title='bbox 442 3477 651 3556; x_wconf 85' lang='lat' dir='ltr'>coadunantur,</span> <span class='ocrx_word' id='word_1_228' title='bbox 674 3480 715 3537; x_wconf 91' lang='lat' dir='ltr'>uti</span> <span class='ocrx_word' id='word_1_229' title='bbox 736 3479 764 3536; x_wconf 90' lang='lat' dir='ltr'>in</span> <span class='ocrx_word' id='word_1_230' title='bbox 787 3476 1077 3556; x_wconf 86' lang='lat' dir='ltr'>Papilionaceis</span> <span class='ocrx_word' id='word_1_231' title='bbox 1098 3476 1189 3559; x_wconf 87' lang='lat' dir='ltr'>longe</span> <span class='ocrx_word' id='word_1_232' title='bbox 1205 3481 1265 3562; x_wconf 85' lang='lat' dir='ltr'>ple·</span> 
     </span>
    </p>
   </div>
   <div class='ocr_carea' id='block_1_16' title="bbox 226 3581 1268 4099">
    <p class='ocr_par' dir='ltr' id='par_1_17' title="bbox 226 3581 1268 4099">
     <span class='ocr_line' id='line_1_33' title="bbox 229 3581 1264 3683; baseline 0.004 -42"><span class='ocrx_word' id='word_1_233' title='bbox 229 3581 339 3664; x_wconf 78' lang='lat' dir='ltr'>aisque.</span> <span class='ocrx_word' id='word_1_234' title='bbox 383 3581 503 3642; x_wconf 89' lang='lat' dir='ltr'>Carinae</span> <span class='ocrx_word' id='word_1_235' title='bbox 524 3600 619 3644; x_wconf 88' lang='lat' dir='ltr'>autem</span> <span class='ocrx_word' id='word_1_236' title='bbox 641 3603 737 3683; x_wconf 81' lang='lat' dir='ltr'>nptura</span> <span class='ocrx_word' id='word_1_237' title='bbox 759 3585 899 3666; x_wconf 87' lang='lat' dir='ltr'>geminata</span> <span class='ocrx_word' id='word_1_238' title='bbox 927 3607 1053 3666; x_wconf 81' lang='lat' dir='ltr'>semper</span> <span class='ocrx_word' id='word_1_239' title='bbox 1070 3585 1205 3644; x_wconf 85' lang='lat' dir='ltr'>noscitur</span> <span class='ocrx_word' id='word_1_240' title='bbox 1232 3583 1264 3668; x_wconf 84' lang='lat' dir='ltr'>a)</span> 
     </span>
     <span class='ocr_line' id='line_1_34' title="bbox 231 3687 1266 3776; baseline -0.002 -23"><span class='ocrx_word' id='word_1_241' title='bbox 231 3710 264 3753; x_wconf 80' lang='lat' dir='ltr'>ex</span> <span class='ocrx_word' id='word_1_242' title='bbox 287 3693 342 3756; x_wconf 87' lang='lat' dir='ltr'>situ</span> <span class='ocrx_word' id='word_1_243' title='bbox 366 3705 393 3750; x_wconf 87' lang='lat' dir='ltr'>et</span> <span class='ocrx_word' id='word_1_244' title='bbox 414 3688 556 3769; x_wconf 72' lang='lat' dir='ltr'>analogia⁴15</span> <span class='ocrx_word' id='word_1_245' title='bbox 578 3687 623 3776; x_wconf 88' lang='lat' dir='ltr'>b)</span> <span class='ocrx_word' id='word_1_246' title='bbox 646 3692 863 3774; x_wconf 80' lang='lat' dir='ltr'>ex&#39;pctalorum</span> <span class='ocrx_word' id='word_1_247' title='bbox 884 3691 1036 3771; x_wconf 81' lang='lat' dir='ltr'>unguibus·</span> <span class='ocrx_word' id='word_1_248' title='bbox 1054 3711 1068 3749; x_wconf 82' lang='lat' dir='ltr'>a</span> <span class='ocrx_word' id='word_1_249' title='bbox 1088 3691 1266 3775; x_wconf 81' lang='lat' dir='ltr'>plerumque</span> 
     </span>
     <span class='ocr_line' id='line_1_35' title="bbox 229 3793 1268 3887; baseline 0.003 -27"><span class='ocrx_word' id='word_1_250' title='bbox 229 3797 367 3860; x_wconf 85' lang='lat' dir='ltr'>distinctis</span> <span class='ocrx_word' id='word_1_251' title='bbox 388 3793 505 3880; x_wconf 83' lang='lat' dir='ltr'>(carina</span> <span class='ocrx_word' id='word_1_252' title='bbox 528 3797 635 3877; x_wconf 75' lang='lat' dir='ltr'>apes);</span> <span class='ocrx_word' id='word_1_253' title='bbox 658 3797 696 3880; x_wconf 84' lang='lat' dir='ltr'>c)</span> <span class='ocrx_word' id='word_1_254' title='bbox 721 3821 754 3858; x_wconf 83' lang='lat' dir='ltr'>ex</span> <span class='ocrx_word' id='word_1_255' title='bbox 775 3800 858 3878; x_wconf 88' lang='lat' dir='ltr'>apice</span> <span class='ocrx_word' id='word_1_256' title='bbox 882 3799 1142 3887; x_wconf 19' lang='lat' dir='ltr'>ejuspplerumque</span> <span class='ocrx_word' id='word_1_257' title='bbox 1174 3823 1268 3862; x_wconf 85' lang='lat' dir='ltr'>emar·</span> 
     </span>
     <span class='ocr_line' id='line_1_36' title="bbox 227 3901 1264 3992; baseline 0.005 -27"><span class='ocrx_word' id='word_1_258' title='bbox 227 3909 341 3988; x_wconf 82' lang='lat' dir='ltr'>girato,</span> <span class='ocrx_word' id='word_1_259' title='bbox 363 3920 411 3966; x_wconf 89' lang='lat' dir='ltr'>aut</span> <span class='ocrx_word' id='word_1_260' title='bbox 429 3901 522 3964; x_wconf 83' lang='lat' dir='ltr'>bifido</span> <span class='ocrx_word' id='word_1_261' title='bbox 541 3917 569 3963; x_wconf 91' lang='lat' dir='ltr'>et</span> <span class='ocrx_word' id='word_1_262' title='bbox 591 3904 744 3988; x_wconf 62' lang='lat' dir='ltr'>allsaepe</span> <span class='ocrx_word' id='word_1_263' title='bbox 766 3927 801 3966; x_wconf 80' lang='lat' dir='ltr'>ex</span> <span class='ocrx_word' id='word_1_264' title='bbox 821 3905 899 3965; x_wconf 86' lang='lat' dir='ltr'>sacili</span> <span class='ocrx_word' id='word_1_265' title='bbox 921 3907 1083 3992; x_wconf 75' lang='lat' dir='ltr'>petalorum</span> <span class='ocrx_word' id='word_1_266' title='bbox 1111 3907 1264 3970; x_wconf 85' lang='lat' dir='ltr'>amborum</span> 
     </span>
     <span class='ocr_line' id='line_1_37' title="bbox 226 4007 1260 4099; baseline 0.006 -28"><span class='ocrx_word' id='word_1_267' title='bbox 226 4011 408 4074; x_wconf 82' lang='lat' dir='ltr'>distractione</span> <span class='ocrx_word' id='word_1_268' title='bbox 444 4007 643 4099; x_wconf 75' lang='lat' dir='ltr'>(Eunaia,</span> <span class='ocrx_word' id='word_1_269' title='bbox 683 4011 1019 4097; x_wconf 82' lang='lat' dir='ltr'>Sphaerolobiuna,</span> <span class='ocrx_word' id='word_1_270' title='bbox 1057 4011 1260 4096; x_wconf 77' lang='lat' dir='ltr'>(lanistae)</span> 
     </span>
    </p>
   </div>
   <div class='ocr_carea' id='block_1_17' title="bbox 0 0 1312 4552">
    <p class='ocr_par' dir='ltr' id='par_1_18' title="bbox 0 0 1312 4552">
     <span class='ocr_line' id='line_1_38' title="bbox 0 0 1312 4552; baseline 0 1"><span class='ocrx_word' id='word_1_271' title='bbox 0 0 1312 4552; x_wconf 95' lang='lat' dir='ltr'> </span> 
     </span>
    </p>
   </div>
  </div>
 </body>
</html>
